@article { Maxwell,
title = {Theory of Heat},
year={1908},
journal = {Longmans Green Co..},
author={Maxwell, James Clerk }
}

@article { Carnot,
title = {Reflections on the Motive Power of Heat},
year={1890},
journal = {Thurston, Robert Henry (editor and translator). New York: J. Wiley & Sons.},
author={Carnot, Sadi}
}

@article { Clausius,
title = {The Mechanical Theory of Heat – with its Applications to the Steam Engine and to Physical Properties of Bodies},
year={1867},
journal = {London: John van Voorst. editions:PwR_Sbkwa8IC. English translations of nine papers.},
author={Clausius, R.}
}

@article { Simon–Glatzel,
title = {Simon–Glatzel equation},
year={1929},
journal = {Z. Anorg. (Allg.) Chem.},
pages= {309–312},
author={F. E. Simon and G. Glatzel}
}

@article { Soden,
title = {Robust Responses of the Hydrological Cycle to Global Warming},
year={2005},
journal = {Z. Anorg. (Allg.) Chem.},
author={Soden J. Brian and Held M. Isaac}
}

@misc{Nasa-cold,
  author = {NASA},
  title = {Science Briefs: Greenhouse Gases: Refining the Role of Carbon Dioxide},
  file = {https://web.archive.org/web/20050112211604/http://www.giss.nasa.gov/research/briefs/ma_01},
  url = {www.giss.nasa.gov},
  note = {Acesso em: Junho 2025}
}

@misc{cosmic-wave,
  author = {Penzias and Wilson},
  title = {Cosmic microwave background radiation.},
  year = {1978},
  url = {https://www.nobelprize.org/prizes/physics/1978/summary/},
  note = {Acesso em: Junho 2025}
}